@article {damiano,
    AUTHOR = {Damiano, Alberto and Sabadini, Irene and Struppa, Daniele C.},
     TITLE = {Computational methods for the construction of a class of
              {N}oetherian operators},
   JOURNAL = {Experiment. Math.},
  FJOURNAL = {Experimental Mathematics},
    VOLUME = {16},
      YEAR = {2007},
    NUMBER = {1},
     PAGES = {41--53},
      ISSN = {1058-6458},
   MRCLASS = {13P10 (35C15 68W30)},
  MRNUMBER = {2312976},
MRREVIEWER = {Werner M. Seiler},
       URL = {http://projecteuclid.org/euclid.em/1175789800},
}